@inproceedings{andrews2001,
		title={A Great Paper About Ducks},
		author={Jeffrey Andrews},
		booktitle={The Conference of Really Very Research},
		month={August},
		year={2001},
        keywords={bibs}
}