@article{jsmith2023,
  author      = {john Smith},
  title       = {Johns amazing report},
  year        = {2023},
  volume      = {1},
  number      = {2},
  pages       = {3},
  keywords    = {refs}
}

@inproceedings{engel2020ddsp,
  title={DDSP: Differentiable Digital Signal Processing},
  author={Jesse Engel and Lamtharn (Hanoi) Hantrakul and Chenjie Gu and Adam Roberts},
  booktitle={International Conference on Learning Representations},
  year={2020},
  url={https://openreview.net/forum?id=B1x1ma4tDr}
}